<?xml version="1.0" encoding="UTF-8"?><record xmlns="http://www.loc.gov/MARC21/slim" xmlns:cinclude="http://apache.org/cocoon/include/1.0" xmlns:zs="http://www.loc.gov/zing/srw/">
  <leader>00457cz  a2200145n  4500</leader>
  <controlfield tag="001">n  85828706 </controlfield>
  <controlfield tag="003">DLC</controlfield>
  <controlfield tag="005">19851223072642.9</controlfield>
  <controlfield tag="008">851212n| acannaab|          |n aaa |||  </controlfield>
  <datafield tag="010" ind1=" " ind2=" ">
    <subfield code="a">n  85828706 </subfield>
  </datafield>
  <datafield tag="040" ind1=" " ind2=" ">
    <subfield code="a">DLC</subfield>
    <subfield code="c">DLC</subfield>
    <subfield code="d">DLC</subfield>
  </datafield>
  <datafield tag="100" ind1="1" ind2="0">
    <subfield code="a">McKay, John W.</subfield>
  </datafield>
  <datafield tag="667" ind1=" " ind2=" ">
    <subfield code="a">NLC not consulted.</subfield>
  </datafield>
  <datafield tag="670" ind1=" " ind2=" ">
    <subfield code="a">nuc85-67417: His Arctic adventure ... 1983</subfield>
    <subfield code="b">(hdg. on CaOTU rept.: McKay, John W.; usage: John W. McKay)</subfield>
  </datafield>
  <datafield tag="670" ind1=" " ind2=" ">
    <subfield code="a">LC data base, 12-12-85</subfield>
    <subfield code="b">(hdg.: McKay, John W.)</subfield>
  </datafield>
</record>